@misc{jtrofe_2018, title={Brewer's Friend Beer Recipes | Kaggle}, url={https://www.kaggle.com/jtrofe/beer-recipes/data}, journal={Countries of the World | Kaggle}, author={Jtrofe}, year={2018}, month={Apr}} 